@article{Schmittmann2010,
author = {Schmittmann, B. and Mukhopadhyay, Abhishek},
doi = {10.1103/PhysRevE.82.066104},
file = {:home/lulu/Dropbox/Papers/of/Opinion formation on adaptive networks with intensive average degree.pdf:pdf},
issn = {1539-3755},
journal = {Physical Review E},
month = dec,
number = {6},
pages = {1--7},
title = {{Opinion formation on adaptive networks with intensive average degree}},
url = {http://link.aps.org/doi/10.1103/PhysRevE.82.066104},
volume = {82},
year = {2010}
}
@article{PhysRevLett.100.158701,
  title = {Who's Talking First? Consensus or Lack Thereof in Coevolving Opinion Formation Models},
  author = {Nardini, Cecilia and Kozma, Bal\'azs and Barrat, Alain},
  journal = {Phys. Rev. Lett.},
  volume = {100},
  issue = {15},
  pages = {158701},
  numpages = {4},
  year = {2008},
  month = {Apr},
  doi = {10.1103/PhysRevLett.100.158701},
  url = {http://link.aps.org/doi/10.1103/PhysRevLett.100.158701},
  publisher = {American Physical Society}
}
@article{PhysRevE.79.046104,
  title = {Opinion dynamics on an adaptive random network},
  author = {Benczik, I. J. and Benczik, S. Z. and Schmittmann, B. and Zia, R. K. P.},
  journal = {Phys. Rev. E},
  volume = {79},
  issue = {4},
  pages = {046104},
  numpages = {10},
  year = {2009},
  month = {Apr},
  doi = {10.1103/PhysRevE.79.046104},
  url = {http://link.aps.org/doi/10.1103/PhysRevE.79.046104},
  publisher = {American Physical Society}
}
@article{RevModPhys.81.591,
  title = {Statistical physics of social dynamics},
  author = {Castellano, Claudio and Fortunato, Santo and Loreto, Vittorio},
  journal = {Rev. Mod. Phys.},
  volume = {81},
  issue = {2},
  pages = {591--646},
  year = {2009},
  month = {May},
  doi = {10.1103/RevModPhys.81.591},
  url = {http://link.aps.org/doi/10.1103/RevModPhys.81.591},
  publisher = {American Physical Society}
}

